@article{scene-grok,
 author = {Savva, Manolis and Chang, Angel X. and Hanrahan, Pat and Fisher, Matthew and Nießner, Matthias},
 title = {SceneGrok: Inferring Action Maps in 3D Environments},
 journal = {ACM Trans. Graph.},
 issue_date = {November 2014},
 volume = {33},
 number = {6},
 month = nov,
 year = {2014},
 issn = {0730-0301},
 pages = {212:1--212:10},
 articleno = {212},
 numpages = {10},
 url = {http://doi.acm.org/10.1145/2661229.2661230},
 doi = {10.1145/2661229.2661230},
 acmid = {2661230},
 publisher = {ACM},
 address = {New York, NY, USA},
 keywords = {3D scenes, object semantics, scene understanding},
} 
@article{libsvm,
 author = {Chang, Chih-Chung and Lin, Chih-Jen},
 title = {{LIBSVM}: A library for support vector machines},
 journal = {ACM Transactions on Intelligent Systems and Technology},
 volume = {2},
 issue = {3},
 year = {2011},
 pages = {27:1--27:27},
 note =	 {Software available at \url{http://www.csie.ntu.edu.tw/~cjlin/libsvm}}
}
@MISC{ue4,
  AUTHOR       = "Epic Games",
  TITLE        = "Unreal Engine",
  YEAR         = "2017",
  HOWPUBLISHED = "Website",
  NOTE         = "\url{https://www.unrealengine.com/}; abgerufen am 16. März 2017."
}

@MISC{htc-vive,
  AUTHOR       = "Vive",
  TITLE        = "HTC Vive",
  YEAR         = "2017",
  HOWPUBLISHED = "Website",
  NOTE         = "\url{https://www.vive.com/de/}; abgerufen am 16. März 2017."
}

@INPROCEEDINGS{ochmann-2014-towards,
     author = {Ochmann, Sebastian and Vock, Richard and Wessel, Raoul and Klein, Reinhard},
      title = {Towards the Extraction of Hierarchical Building Descriptions from 3D Indoor Scans},
  booktitle = {EUROGRAPHICS Workshop on 3D Object Retrieval (3DOR 2014)},
       year = {2014},
      month = apr,
   location = {Strasbourg, France},
        url = {http://diglib.eg.org/EG/DL/WS/3DOR/3DOR14/085-092.pdf},
        doi = {10.2312/3dor.20141054}
}

@ARTICLE{Ochmann-2015-Automatic,
        author = {Ochmann, Sebastian and Vock, Richard and Wessel, Raoul and Klein, Reinhard},
         pages = {94--103},
         title = {Automatic Reconstruction of Parametric Building Models from Indoor Point Clouds},
       journal = {Computers {\&} Graphics},
        volume = {54},
          year = {2016},
         month = feb,
  howpublished = {To appear in Computers {\&} Graphics},
          note = {Special Issue on CAD/Graphics 2015},
      keywords = {Indoor scene reconstruction, Parametric models, Point cloud processing},
          issn = {0097-8493},
           url = {http://www.sciencedirect.com/science/article/pii/S0097849315001119},
           doi = {doi:10.1016/j.cag.2015.07.008}
}
@MISC{stallman99:telepolis,
  AUTHOR       = "Stallman, Richard Matthew and Krempl, Stefan",
  TITLE        = "{S}oftware mu{\ss} frei sein!",
  YEAR         = "1999",
  HOWPUBLISHED = "Website",
  NOTE         = "Online erhältlich unter
                  \url{http://www.heise.de/tp/deutsch/inhalt/te/2860/1.html};
                  abgerufen am 8. Januar 2005."
}
